<?xml version="1.0" encoding="UTF-8"?><collection xmlns="http://www.loc.gov/MARC21/slim"><record><leader>00406nam--2200145-i-4500</leader><controlfield tag="001">000040144</controlfield><controlfield tag="002">20161230</controlfield><controlfield tag="005">20161230201042</controlfield><controlfield tag="008">060222s1000------------r-----000-0-eng-d</controlfield><datafield ind1=" " ind2=" " tag="080"><subfield code="a">532.593</subfield></datafield><datafield ind1=" " ind2=" " tag="100"><subfield code="a">Rundgren, Lennart</subfield></datafield><datafield ind1=" " ind2=" " tag="245"><subfield code="a">Water wave forces. a theoretical and laboratory study</subfield></datafield><datafield ind1=" " ind2=" " tag="260"><subfield code="a">Gotebord, Elanders Boktryckeri Aktiebolag, 1958, 123p</subfield></datafield><datafield ind1=" " ind2=" " tag="490"><subfield code="a">Trans.Roy.Inst.Techn</subfield></datafield><datafield ind1=" " ind2=" " tag="852"><subfield code="a">12474</subfield></datafield></record></collection>